<?xml version="1.0" encoding="UTF-8"?><collection xmlns="http://www.loc.gov/MARC21/slim"><record><leader>00306nam--2200133-i-4500</leader><controlfield tag="001">000035635</controlfield><controlfield tag="002">20161230</controlfield><controlfield tag="005">20161230201040</controlfield><controlfield tag="008">060222s1000------------r-----000-0-eng-d</controlfield><datafield ind1=" " ind2=" " tag="080"><subfield code="a">547</subfield></datafield><datafield ind1=" " ind2=" " tag="245"><subfield code="a">Organic reactions</subfield></datafield><datafield ind1=" " ind2=" " tag="260"><subfield code="a">New York, John Wiley &amp; Sons, Inc., 1949</subfield></datafield><datafield ind1=" " ind2=" " tag="700"><subfield code="a">Adams, R</subfield></datafield><datafield ind1=" " ind2=" " tag="852"><subfield code="a">14954</subfield></datafield></record></collection>